@article{alexnetkeras,
    title   = "Hands-on Guide To Implementing AlexNet With Keras For Multi-Class Image Classification",
    author  = "Dr. Vaibhav Kumar",
    journal = "https://analyticsindiamag.com/",
    year    = "2020",
    url     = "https://bit.ly/3fciV8q"
}

@misc{simplenetkeras,
  author = {Eric Alcaide},
  title = {SimpleNet-Keras},
  year = {2019},
  publisher = {GitHub},
  journal = {GitHub repository},
  url = {https://github.com/hypnopump/SimpleNet-Keras},
  commit = {6cea3e95022d72ec19f7de9912581e98bfbbcfc1}
}

@article{vgg16keras,
    title   = "Keras Implementation of VGG16 Architecture from Scratch with Dogs Vs Cat Data Set",
    author  = "Sachin Mohan",
    journal = "https://machinelearningknowledge.ai/",
    year    = "2020",
    url     = "https://bit.ly/3BW35Zc"
}

@misc{imagenethinton,
      title={ImageNet Classification with Deep Convolutional Neural Networks}, 
      author={Alex Krizhevsky and Ilya Sutskever and Geoffrey E. Hinton},
      year={2012},
      volume={1},
}

@misc{simonyan2015deep,
      title={Very Deep Convolutional Networks for Large-Scale Image Recognition}, 
      author={Karen Simonyan and Andrew Zisserman},
      year={2015},
      eprint={1409.1556},
      archivePrefix={arXiv},
      primaryClass={cs.CV}
}

@misc{hasanpour2018lets,
      title={Lets keep it simple, Using simple architectures to outperform deeper and more complex architectures}, 
      author={Seyyed Hossein Hasanpour and Mohammad Rouhani and Mohsen Fayyaz and Mohammad Sabokrou},
      year={2018},
      eprint={1608.06037},
      archivePrefix={arXiv},
      primaryClass={cs.CV}
}

@article{activationcasper,
    title   = "Activation Functions Explained - GELU, SELU, ELU, ReLU and more",
    author  = "Casper Hansen",
    journal = "https://mlfromscratch.com/",
    year    = "2019",
    url     = "https://mlfromscratch.com/activation-functions-explained/"
}

@misc{ramachandran2017searching,
      title={Searching for Activation Functions}, 
      author={Prajit Ramachandran and Barret Zoph and Quoc V. Le},
      year={2017},
      eprint={1710.05941},
      archivePrefix={arXiv},
      primaryClass={cs.NE}
}

@misc{hendrycks2020gaussian,
      title={Gaussian Error Linear Units (GELUs)}, 
      author={Dan Hendrycks and Kevin Gimpel},
      year={2020},
      eprint={1606.08415},
      archivePrefix={arXiv},
      primaryClass={cs.LG}
}

@misc{klambauer2017selfnormalizing,
      title={Self-Normalizing Neural Networks}, 
      author={Günter Klambauer and Thomas Unterthiner and Andreas Mayr and Sepp Hochreiter},
      year={2017},
      eprint={1706.02515},
      archivePrefix={arXiv},
      primaryClass={cs.LG}
}

@misc{clevert2016fast,
      title={Fast and Accurate Deep Network Learning by Exponential Linear Units (ELUs)}, 
      author={Djork-Arné Clevert and Thomas Unterthiner and Sepp Hochreiter},
      year={2016},
      eprint={1511.07289},
      archivePrefix={arXiv},
      primaryClass={cs.LG}
}

@article{leakyandrew,
    title   = "Rectifier Nonlinearities Improve Neural Network Acoustic Models",
    author  = {Andrew L. Maas and Awni Y. Hannun and Andrew Y. Ng},
    journal = "Proc. ICML",
    year    = "2013",
    volume={30}
}

@article{reluhinton,
    title   = "Rectified linear units improve restricted boltzmann machines",
    author  = {Vinod Nair and Geoffrey E. Hinton},
    journal = "Proc. ICML",
    year    = "2010",
    pages={807–814},
    volume={30}
}

@article{luocsudlvuhuutiep,
    title   = "Lược sử Deep Learning",
    author  = "Vũ Hữu Tiệp",
    journal = "https://machinelearningcoban.com/",
    year    = "2018",
    url     = "https://machinelearningcoban.com/2018/06/22/deeplearning/"
}

@article{mlpvuhuutiep,
    title   = "Multi-layer Perceptron và Backpropagation",
    author  = "Vũ Hữu Tiệp",
    journal = "https:\\//machinelearningcoban.com/",
    year    = "2017",
    url     = "https://machinelearningcoban.com/2017/02/24/mlp/"
}

@article{Lu_2020,
   title={Dying ReLU and Initialization: Theory and Numerical Examples},
   volume={28},
   ISSN={1991-7120},
   url={http://dx.doi.org/10.4208/cicp.OA-2020-0165},
   DOI={10.4208/cicp.oa-2020-0165},
   number={5},
   journal={Communications in Computational Physics},
   publisher={Global Science Press},
   author={Lu, Lu},
   year={2020},
   month={6},
   pages={1671–1706}
}


@online{activationfunctionandrew,
    title = {Activation Function},
    organization = {Coursera},
    author = {Andrew Ng},
    url = {https://bit.ly/3x6fWUZ},
}

@article{zerocenteredstat,
    title   = "Reply: Why are non zero-centered activation functions a problem in backpropagation?",
    author  = "dontloo",
    journal = "https://stats.stackexchange.com/",
    year    = "2017",
    url     = "https://bit.ly/3rzaXLx"
}